@article{RincentEtAl2014,
  title={Recovering power in association mapping panels with variable levels of linkage disequilibrium},
  author={Rincent, R. and Moreau, L. and Monod, H. and Kuhn, E. and Melchinger, A. and Malvar, R. and Moreno-Gonzalez, J. and Nicolas, S. and Madur, D. and Combes, V. and
    Dumas, A. and Altmann, T. and Brunel, D. and Ouzunova, M. and Flament, P. and Dubreuil, P. and Charcosset, A. and Mary-Huard, T.},
  journal={Genetics},
  volume=197,
  number=1,
  pages={375--387},
  year=2014,
  publisher={Genetics Soc America}
}


@book{Bonnans06,
  title={Numerical Optimization: Theoretical and Practical Aspects},
  author={Bonnans, J. F. and Gilbert, J. C. and Lemar\'echal, C. and Sagastiz\'abal, C.},
  year={2006},
  edition={Second},
  publisher={Springer}
}

@unpublished{Gilbert16,
  author={Gilbert, J. C.},
  title={Fragments d'Optimisation Diff\'erentiable -- Th\'eorie et Algorithmes},
  publisher={Syllabus de cours \`a l'ENSTA, Paris},
  year=2016,
  url={http://www-rocq.inria.fr/~gilbert/ensta/optim.html}
}


@article{Freedman83b,
	Author = {Freedman, D. A.},
	Journal = {The American Statistician},
	Number = {2},
	Pages = {152--155},
	Title = {A Note on Screening Regression Equations},
	Volume = {37},
	Year = {1983}
}
@article{Ambroise02,
	Author = {Ambroise, C. and McLachlan, G. J.},
	Journal = {Proceedings of the National Academy of Sciences},
	Number = {10},
	Pages = {6562--6566},
	Publisher = {National Acad Sciences},
	Title = {Selection bias in gene extraction on the basis of microarray gene-expression data},
	Volume = {99},
	Year = {2002}}


@article{boyd2011distributed,
  title={Distributed optimization and statistical learning via the alternating direction method of multipliers},
  author={Boyd, Stephen and Parikh, Neal and Chu, Eric and Peleato, Borja and Eckstein, Jonathan},
  journal={Foundations and Trends in Machine Learning},
  volume={3},
  number={1},
  pages={1--122},
  year={2011},
  publisher={Now Publishers Inc.}
}



@article{lacoste2012block,
  title={Block-coordinate {Frank-Wolfe} optimization for structural SVMs},
  author={Lacoste-Julien, Simon and Jaggi, Martin and Schmidt, Mark and Pletscher, Patrick},
  journal={arXiv preprint arXiv:1207.4747},
  year={2012}
}

@inproceedings{moulines2011non,
  title={Non-asymptotic analysis of stochastic approximation algorithms for machine learning},
  author={Moulines, Eric and Bach, Francis R},
  booktitle={Advances in Neural Information Processing Systems},
  pages={451--459},
  year={2011}
}

@book{boyd2004convex,
  title={Convex optimization},
  author={Boyd, Stephen and Vandenberghe, Lieven},
  year={2004},
  publisher={Cambridge university press}
}


@book{friedman2001elements,
  title={The elements of statistical learning},
  author={Friedman, Jerome and Hastie, Trevor and Tibshirani, Robert},
  volume={1},
  year={2001},
  publisher={Springer series in statistics Springer, Berlin}
}

@Article{2006_JMLR_Zhao,
  author = 	 {Zhao, P. and Yu, B.},
  title = 	 {On Model Selection Consistency of Lasso},
  journal = 	 {Journal of Machine Learning Research},
  year = 	 {2006},
  volume = 	 {7},
  pages = 	 {2541--2567},
}

@Article{1998_Fu,
  author = 	 {Fu, W. J.},
  title = 	 {Penalized regressions: The bridge versus the lasso},
  journal = 	 {Journal of Computational and Graphical Statistics},
  sjournal = 	 {J. Comput. Graph. Statist},
  volume = 	 7,
  number = 	 3,
  year = 	 1998,
  pages = 	 {397--416}}

@InProceedings{2009_ICML_JiYe,
  author = 	 {Ji, S. and Ye, J.},
  title = 	 {An accelerated gradient method for trace norm minimization},
  booktitle = {Proceedings of the 26th Annual International Conference on
               Machine Learning, ICML 2009},
  series    = {ACM International Conference Proceeding Series},
  volume    = {382},
  editor    = {Danyluk, A. P. and Bottou, L. and Littman, M. L.},
  pages     = {457--464},
  year = 	 2009}

@article{2010_AOS_Slawski,
  author = 	 {Slawski, M. and zu Castell, W.  and Tutz, G.},
  title = 	 {Feature selection guided by structural information},
  journal = 	 {The Annals of Applied Statistics},
  year = 	 2010,
  volume = 	 4,
  number = 	 2,
  pages = 	 {1056--1080}}

@article{2011_JSS_Simon,
  author =	"Simon, N. and Friedman,  J.~H. and Hastie, T. and Tibshirani, R.",
  title =	"Regularization Paths for Cox's Proportional Hazards Model via Coordinate Descent",
  journal =	"Journal of Statistical Software",
  volume =	"39",
  number =	"5",
  pages =	"1--13",
  day =  	"9",
  month =	"3",
  year = 	"2011",
  CODEN =	"JSSOBK",
  ISSN = 	"1548-7660",
  bibdate =	"2010-10-02",
  URL =  	"http://www.jstatsoft.org/v39/i05",
  accepted =	"2010-10-02",
  acknowledgement = "",
  keywords =	"",
  submitted =	"2010-06-15",
}

@Article{2012_FML_Bach,
  author = 	 {Bach, F. and Jenatton, R.  and  Mairal,  J. and Obozinski, G. },
  title = 	 {Optimization with sparsity-inducing penalties},
  journal = 	 {Foundations and Trends in Machine Learning},
  year = 	 {2012},
  volume = 	 {4},
  number = 	 {1},
  pages = 	 {1--106},
}

@PhdThesis{Mairal10,
  author = {Mairal,  J.},
  title  = {Sparse coding for machine learning, image processing and computer vision},
  school = {\'Ecole Normale Sup\'erieure de Cachan},
  year   = {2010}
}

@article{Tibshirani05,
   title={Sparsity and smoothness via the fused lasso},
   author={Tibshirani, R. and Saunders, M. and Rosset, S. and Zhu, J. and Knight, K.},
   journal={Journal of the Royal Statistical Society: Series B (Statistical Methodology)},
   volume={67},
   number={1},
   pages={91--108},
   year={2005}
}

@article{Chiquet12,
   title={Sparsity in sign-coherent groups of variables via the cooperative-Lasso},
   author={Chiquet, J. and Grandvalet, Y. and Charbonnier, C.},
   journal={The Annals of Applied Statistics},
   year={to appear}
}

@article{2009_JSS_Friedman,
  author =	 "Friedman, J.~H.  and Hastie, T.  and Tibshirani, R.",
  title =	 "Regularization Paths for Generalized Linear Models
                  via Coordinate Descent",
  journal =	 "Journal of Statistical Software",
  volume =	 33,
  number =	 1,
  pages =	 "1--22",
  day =		 2,
  month =	 2,
  year =	 2010,
  CODEN =	 "JSSOBK",
  ISSN =	 "1548-7660",
  bibdate =	 "2009-12-15",
  URL =		 "http://www.jstatsoft.org/v33/i01",
  accepted =	 "2009-12-15",
  submitted =	 "2009-04-22",
}

@Article{2000_JCGS_Osborne,
  AUTHOR =	 {Osborne, M. R. and Presnell, B. and Turlach, B. A.},
  TITLE =	 {On the {LASSO} and its dual},
  SJOURNAL =	 {J. Comput. Graph. Statist.},
  JOURNAL =	 {Journal of Computational and Graphical Statistics},
  VOLUME =	 9,
  YEAR =	 2000,
  NUMBER =	 2,
  PAGES =	 {319--337},
  MRCLASS =	 {62J05 (62F35)},
  MRNUMBER =	 1822089,
}

@Article{2004_AS_Efron,
  AUTHOR = {Efron, B. and Hastie, T. and Johnstone, I. and Tibshirani, R.},
  TITLE =	 {Least angle regression},
  NOTE =	 {With discussion, and a rejoinder by the authors},
  SJOURNAL =	 {Ann. Statist.},
  JOURNAL =	 {The Annals of Statistics},
  VOLUME =	 32,
  YEAR =	 2004,
  NUMBER =	 2,
  PAGES =	 {407--499},
  MRCLASS =	 {62J07},
  MRNUMBER =	 2060166,
}

@TechReport{armadillo,
  author = 	 {Sanderson, C.},
  title = 	 {Armadillo: An Open Source {C++} Linear Algebra Library
                  for Fast Prototyping and Computationally Intensive
                  Experiments},
  institution =  {NICTA},
  year = 	 {2010},
  url = 	 {http://http://arma.sourceforge.net/},
}

@article{2011_JSS_rcpp,
  author =	"Eddelbuettel, D. and Fran\c{c}ois, R.",
  title =	"Rcpp: Seamless {R} and {C++} Integration",
  journal =	"Journal of Statistical Software",
  volume =	"40",
  number =	"8",
  pages =	"1--18",
  day =  	"13",
  month =	"4",
  year = 	"2011",
  CODEN =	"JSSOBK",
  ISSN = 	"1548-7660",
  bibdate =	"2011-03-21",
  URL =  	"http://www.jstatsoft.org/v40/i08",
  accepted =	"2011-03-21",
  acknowledgement = "",
  keywords =	"",
  submitted =	"2010-11-15",
}

@article{2009_SIAM_Beck,
  author = 	 {Beck, A. and Teboulle, M.},
  title = 	 {Fast Iterative Shrinkage-Thresholding Algorithm for
                  Linear Inverse Problems},
  journal = 	 {SIAM Journal on Imaging Sciences},
  sjournal = 	 {SIAM J. Imaging Sciences},
  year = 	 {2009},
  volume = 	 {2},
  pages = 	 {183--202},
}

@article{2006_BS_Park,
  author =	 {Park, M.Y. and Hastie, T. and Tibshirani, R.},
  title =	 {Averaged gene expressions for regression},
  journal =	 {Biostatistics},
  year =	 2006,
  volume =	 8,
  number =	 2,
  pages =	 {212-227},
}

@article{2007_BMC_Ma,
  author =	 {Ma, S. and Song, X. and Huang, J},
  title =	 {Supervised group Lasso with applications to
                  microarray data analysis},
  journal =	 {BMC Bioinformatics},
  year =	 2007,
  volume =	 8,
  number =	 60
}

@article{1998_PNAS_Eisen,
  author =	 {Eisen, M. B. and Spellman, P. T. and Brown, P. O. and
                  Botstein, D.},
  title =	 {Cluster analysis and display of genome-wide
                  expression patterns},
  journal =	 {Proc. Natl. Acad. Sci.},
  year =	 1998,
  volume =	 95,
  number =	 25,
  pages =	 {14863-8.},
}

@article{2009_AS_Zhao,
  author =	 {Zhao, P. and Rocha, G. and Yu, B.},
  title =	 {The composite absolute penalties family for grouped
                  and hierarchical variable selection},
  journal =	 {The Annals of Statistics},
  year =	 2009,
  volume =	 37,
  number =	 6,
  pages =	 {3468-3497},
}

@Article{2011_JSFDS_Jeanmougin,
  author =	 {Jeanmougin, M. and Guedj, M. and , C.},
  title =	 {Defining a robust biological prior from Pathway
                  Analysis to drive Network Inference},
  journal =	 {Journal de la Société Française de Statistique},
  year =	 2011,
}

@Article{2006_JCO_Hess,
  author =	 {Hess, K.R. and Anderson, K. and Symmans, W.F. and
                  Valero, V. and Ibrahim, N. and Mejia, J.A. and
                  Booser, D. and Theriault, R.L. and Buzdar, U. and
                  Dempsey, P.J. and Rouzier, R. and Sneige, N. and
                  Ross, J.S. and Vidaurre, T. and G{\'o}mez, H.L. and
                  Hortobagyi, G.N. and Pustzai, L.},
  title =	 {Pharmacogenomic predictor of sensitivity to
                  preoperative chemotherapy with Paclitaxel and
                  Fluorouracil, Doxorubicin, and Cyclophosphamide in
                  breast cancer},
  journal =	 {Journal of Clinical Oncology},
  year =	 2006,
  volume =	 24,
  number =	 26,
  pages =	 {4236--4244},
}

@Book{2006_CO_Boyd,
  author =	 {Boyd, S. and Vandenberghe, L.},
  title =	 {Convex Optimization},
  publisher =	 {Cambridge University Press},
  year =	 2006,
  edition =	 {third},
}

@Article{1995_T_Breiman,
  author =	 {Breiman, L.},
  title =	 {Better Subset Regression Using the Nonnegative
                  Garrote},
  journal =	 {Technometrics},
  year =	 1995,
  volume =	 37,
  number =	 4,
  pages =	 {373--384},
}

@Article{1996_AS_Breiman,
  author =	 {Breiman, L.},
  title =	 {Heuristics of instability and stabilization in model
                  selection},
  journal =	 {The Annals of Statistics},
  year =	 1996,
  volume =	 24,
  number =	 6,
  pages =	 {2350--2383},
}

@Article{1981_AS_Stein,
  author =	 {Stein, C.},
  title =	 {Estimation of the mean of a multivariate normal
                  distribution},
  journal =	 {The Annals of Statistics},
  year =	 1981,
  volume =	 9,
  pages =	 {1135--1151)},
}

@Article{2004_JASA_Efron,
  author =	 {Efron, B.},
  title =	 {The estimation of prediction error: Covariance
                  penalties and cross-validation (with discussion)},
  journal =	 {Journal of the American Statistical Association},
  year =	 2004,
  volume =	 99,
  pages =	 {619--642},
}

@article {2005_JRSS_Zou,
    AUTHOR = {Zou, H. and Hastie, T.},
     TITLE = {Regularization and variable selection via the elastic net},
   SJOURNAL = {J. R. Statist. Soc. B},
   JOURNAL = {Journal of the Royal Statistical Society: Series B (Statistical Methodology)},
    VOLUME = {67},
      YEAR = {2005},
    NUMBER = {2},
     PAGES = {301--320},
   MRCLASS = {62M20},
  MRNUMBER = {2137327}
}

@Article{1996_JRSS_Tibshirani,
  AUTHOR =	 {Tibshirani, R.},
  TITLE =	 {Regression shrinkage and selection via the lasso},
  SJOURNAL =	 {J. R. Stat. Soc. Ser. B Stat. Methodol.},
  JOURNAL =	 {Journal of the Royal Statistical Society. Series B (Methodological)},
  VOLUME =	 58,
  YEAR =	 1996,
  NUMBER =	 1,
  PAGES =	 {267--288},
  MRCLASS =	 {62J05 (62J07)},
  MRNUMBER =	 1379242,
}

@Book{1998_CUP_Vaart,
  author =	 {Van der Vaart, A.W.},
  title =	 {Asymptotic Statistics},
  year =	 1998,
  publisher =	 {Cambridge University Press}
}

@PhdThesis{1999_thesis_Bakin,
  author =	 {Bakin, S.},
  title =	 {Adaptive regression and model selection in data
                  mining problems},
  school =	 {Australian National University, Canberra},
  year =	 1999,
}

@Article{2000_AS_Knight,
  author =	 {Knight, K. and Fu, W.},
  title =	 {Asymptotics for Lasso-type estimators},
  journal =	 {The Annals of Statistics},
  year =	 2000,
  volume =	 28,
  number =	 5,
  pages =	 {1356--1378}
}

@article {2001_JOTA_Tseng,
  AUTHOR =	 {Tseng, P.},
  TITLE =	 {Convergence of a block coordinate descent method for
                  nondifferentiable minimization},
  JOURNAL =	 {J. Optim. Theory Appl.},
  FJOURNAL =	 {Journal of Optimization Theory and Applications},
  VOLUME =	 109,
  YEAR =	 2001,
  NUMBER =	 3,
  PAGES =	 {475--494},
  MRCLASS =	 {90C30 (90C26)},
  MRNUMBER =	 {1835069 (2002b:90079)},
}

@article {2006_JRSS_Yuan,
    AUTHOR = {Yuan, M. and Lin, Y.},
     TITLE = {Model selection and estimation in regression with grouped
              variables},
   JOURNAL = {J. R. Statist. Soc. B},
  FJOURNAL = {Journal of the Royal Statistical Society: Series B (Statistical Methodology)},
    VOLUME = {68},
      YEAR = {2006},
    NUMBER = {1},
     PAGES = {49--67},
   MRCLASS = {62H25 (62M20)},
  MRNUMBER = {2212574},
}

@article{2007_JRSS_Yuan,
  author =	 {Yuan, M. and Lin, Y.},
  title =	 {On the non-negative garrotte estimator},
  journal =	 {J. R. Statist. Soc. B},
  fjournal =	 {Journal of the Royal Statistical Society: Series B (Statistical Methodology)},
  volume =	 69,
  number =	 2,
  year =	 2007,
  pages =	 {143--161}
}

@article{2007_AAS_Friedman,
  author =	 {Friedman, J. and Hastie, T. and H\"ofling, H. and
                  Tibshirani, R.},
  title =	 {Pathwise coordinate optimization},
  sjournal =	 {Ann. Appl. Stat.},
  journal =	 {The Annals of Applied Statistics},
  year =	 2007,
  volume =	 1,
  number =	 2,
  pages =	 {302--332},
}

@Article{2007_AS_Zou,
  author =	 {Zou, H. and Hastie, T. and Tibshirani, R.},
  title =	 {On the "degrees of freedom" of the Lasso},
  journal =	 {The Annals of Statistics},
  year =	 2007,
  volume =	 35,
  number =	 5,
  pages =	 {2173--2192},
}

@Article{2008_EJS_Nardi,
  author =	 {Nardi, Y. and Rinaldo, A.},
  title =	 {On the asymptotic properties of the group lasso
                  estimator for linear models},
  journal =	 {Electronic Journal of Statistics},
  year =	 2008,
  volume =	 2,
  pages =	 {605--633},
}

@InProceedings{2008_ICML_Roth,
  author =	 {Roth, V. and Fischer, B.},
  title =	 {The Group-Lasso for Generalized Linear Models:
                  Uniqueness of Solutions and Efficient Algorithms},
  booktitle =	 {ICML '08: Proceedings of the 25th international
                  conference on Machine Learning},
  pages =	 {848--855},
  year =	 2008,
}

@Article{2008_JMLR_Bach,
  author =	 {Bach, F.},
  title =	 {Consistency of the group lasso and multiple kernel
                  learning},
  journal =	 {Journal of Machine Learning Research},
  year =	 2008,
  volume =	 9,
  pages =	 {1179--1225},
}

@Article{2008_JRSS_Meier,
  author =	 {Meier, L. and Van De Geer, S. and Bühlmann, P.},
  title =	 {The group lasso for logistic regression},
  journal =	 {Journal of the Royal Statistical Society: Series B (Statistical Methodology)},
  year =	 2008,
  volume =	 70,
  pages =	 {53--71},
}

@inproceedings{2009_ICML_Huang,
  author =	 {Huang, J. and Zhang, T. and Metaxas, D.},
  title =	 {Learning with structured sparsity},
  booktitle =	 {ICML '09: Proceedings of the 26th Annual
                  International Conference on Machine Learning},
  year =	 2009,
  pages =	 {417--424},
}

@inproceedings{2009_ICML_Raman,
  author =	 {Raman, Sudhir and Fuchs, Thomas J. and Wild, Peter
                  J. and Dahl, Edgar and Roth, Volker},
  booktitle =	 {ICML '09: Proceedings of the 26th Annual
                  International Conference on Machine Learning},
  pages =	 {881--888},
  title =	 {The {Bayesian} {group-Lasso} for analyzing
                  contingency tables},
  year =	 2009
}

@InProceedings{2010_NIPS_Bach,
  author =	 {Bach, F.},
  title =	 {Structured sparsity-inducing norms through
                  submodular functions},
  booktitle =	 {Advances in Neural Information Processing Systems 23
                  (NIPS 2010)},
  year =	 2010,
}

@Article{2010_SC_Chiquet,
  author =	 {Chiquet, J. and Grandvalet, Y and Ambroise, C.},
  title =	 {Inferring multiple graphical structures},
  journal =	 {Statistic and Computing},
  year =	 2011,
  volume =	 21,
  number =	 4,
  pages =	 {537--553}
}

@TechReport{2010_preprint_Foygel,
  author =	 {Foygel, R. and Drton, M.},
  title =	 {Exact block-wise optimization in group lasso for
                  linear regression},
  institution =	 {arXiv},
  year =	 2010,
}

@TechReport{2010_preprint_Friedman,
  author =	 {Friedman, J. and Hastie, T. and Tibshirani, R.},
  title =	 {A note on the group Lasso and a sparse group Lasso},
  institution =	 {arXiv},
  year =	 2010,
}

@Article{2010_preprint_Huang,
  author =	 {Huang, J. and Zhang, T.},
  title =	 {The benefit of Group sparsity},
  journal =	 {The Annals of Statistics},
  year =	 2010,
  volume =	 38,
  number =	 4,
  pages =	 {1978--2004},
}

@InProceedings{1998_NIPS_Grandvalet,
  author =	 {Grandvalet, Y. and Canu, S.},
  title =	 {Outcomes of the equivalence of adaptive ridge with
                  least absolute shrinkage},
  booktitle =	 {Advances in Neural Information Processing Systems 11
                  (NIPS 1998)},
  pages =	 {445--451},
  year =	 1999,
}

@ARTICLE{Hesterberg08,
  Author =	 {Hesterberg, T. and Choi, N. M. and Meier, L. and
                  Fraley, C.},
  Journal =	 {Statistics Surveys},
  Pages =	 {61--93},
  Title =	 {Least angle and $\ell_{1}$ penalized regression: A
                  review},
  Volume =	 2,
  Year =	 2008,
}

@article{Zhou01102010,
  author = {Zhou, H. and Sehl, M. E. and Sinsheimer, J. S. and Lange, K.}, 
  title = {Association screening of common and rare genetic variants by penalized regression}, 
  volume = {26}, 
  number = {19}, 
  pages = {2375--2382}, 
  year = {2010}, 
  doi = {10.1093/bioinformatics/btq448}, 
  abstract ={Motivation: This article extends our recent research on penalized estimation methods in genome-wide association studies to the realm of rare variants.Results: The new strategy is tested on both simulated and real data. Our findings on breast cancer data replicate previous results and shed light on variant effects within genes.Availability: Rare variant discovery by group penalized regression is now implemented in the free program Mendel at http://www.genetics.ucla.edu/software/Contact: huazhou@ucla.eduSupplementary information: Supplementary data are available at Bioinformatics online.}, 
  URL = {http://bioinformatics.oxfordjournals.org/content/26/19/2375.abstract}, 
  eprint = {http://bioinformatics.oxfordjournals.org/content/26/19/2375.full.pdf+html}, 
journal = {Bioinformatics} 
}

@book{Breiman84,
  AUTHOR =	 "Breiman, L. and Friedman, J.H. and Olshen, R. and
                  Stone, C.J.",
  TITLE =	 "Classification and Regression Trees",
  YEAR =	 1984,
  PUBLISHER =	 "Wadsworth",
  ADDRESS =	 "Belmont, CA."
}

@article {Gertheiss09,
  author = {Gertheiss, J. and Tutz, G.},
  title = {Penalized Regression with Ordinal Predictors},
  journal = {International Statistical Review},
  volume = {77},
  number = {3},
  publisher = {Blackwell Publishing Ltd},
  pages = {345--365},
  year = {2009}
}

@article {Gertheiss10,
  author = {Gertheiss, J. and Tutz, G.},
  title = {Sparse modeling of categorial explanatory variables},
  journal = {The Annals of Applied Statistics},
  volume = {4},
  number = {4},
  pages = {2150--2180},
  year = {2010}
}


@article{Rufibach20101442,
  title = "An active set algorithm to estimate parameters in generalized linear models with ordered predictors",
  journal = "Computational Statistics \& Data Analysis",
  volume = "54",
  number = "6",
  pages = "1442--1456",
  year = "2010",
  url = "http://www.sciencedirect.com/science/article/pii/S0167947310000290",
  author = "Kaspar Rufibach",
  keywords = "Ordered explanatory variable",
  keywords = "Constrained estimation",
  keywords = "Least-squares",
  keywords = "Logistic regression",
  keywords = "Cox regression",
  keywords = "Active set algorithm",
  keywords = "Likelihood ratio test under linear constraints"
}

@article {Serlin85,
  author = {Serlin, R. C. and Levin, J. R.},
  title = {Teaching how to derive directly interpretable coding schemes for
           multiple regression analysis},
  journal = {Journal of Educational Statistics},
  volume = {10},
  number = {3},
  pages = {223--238},
  year = {1985}
}


@misc{Frank10 ,
  author = "A. Frank and A. Asuncion",
  year = "2010",
  title = "{UCI} Machine Learning Repository",
  url = "http://archive.ics.uci.edu/ml",
  institution = "University of California, Irvine, School of Information and Computer Sciences" 
}


@Article{Bondell08,
  author = 	 {Bondell, H. D.  and  Reich, B. J.},
  title = 	 {Simultaneous Regression Shrinkage, Variable Selection, and Supervised Clustering of Predictors with OSCAR},
  journal = {Biometrics},
  volume = 	 {64},
  number = 	 {1},
  pages = 	 {115--123},
  year = 	 {2008}
}

@Book{Ben-Tal2009,
  author =	 {Ben-Tal, A. and {El Ghaoui}, L. and Nemirovski, A.},
  title =	 {Robust Optimization},
  publisher =	 {Princeton University Press},
	Series = {Princeton Series in Applied Mathematics},
  year =	 2009
}

@article{ElGhaoui97,
  author = {El~Ghaoui, L. and Lebret, H.},
  title = {Robust solutions to least-squares problems with uncertain data},
  journal = {SIAM Journal on Matrix Analysis and Applications},
  volume = {18},
  number = {4},
  pages = {1035--1064},
  year = {1997}
}

@article{Chandrasekaran98,
  author = {Chandrasekaran, S. and Golub, G. H. and Gu, M. and Sayed, A. H.},
  title = {Parameter estimation in the presence of bounded data uncertainties},
  journal = {SIAM Journal on Matrix Analysis and Applications},
  volume = {19},
  number = {1},
  pages = {235--252},
  year = {1998}
}

@incollection{Caramanis12,
  author = {Caramanis, C. and Mannor, S. and Xu, H.},
  title = {Robust Optimization in Machine Learning},  
  pages = {369--402},
  editor = {Sra, S. and Nowozin, S. and Wright, S. J.},
  booktitle = {Optimization for Machine Learning},  
  publisher = {MIT Press},
  year = {2012}
}

@inproceedings{Zhong11,
  author =    {Zhong, W. and Kwok, J.},
  title =     {Efficient Sparse Modeling with Automatic Feature Grouping},
  booktitle = {Proceedings of the 28th International Conference on Machine Learning (ICML-11)},
  series =    {ICML '11},
  editor =    {Getoor, L. and Scheffer, T.},
  location =  {Bellevue, Washington, USA},
  isbn =      {978-1-4503-0619-5},
  month =     {June},
  publisher = {ACM},
  address =   {New York, NY, USA},
  pages=      {9--16},
  year =      {2011}
}

@TechReport{Petry11,
  author = {Petry, S. and Flexeder, C. and Tutz, G.},
  title =	 {Pairwise Fused Lasso},
  institution =	 {Department of Statistics},
  number = {102},
  year =	 {2011}
}

@article{Xu10,
  author = {Xu, H. and Caramanis, C. and Mannor, S.},
  title = {Robust regression and Lasso},
  journal = {IEEE Transactions on Information Theory},
  volume = {56},
  number = {7},
  pages = {3561--3574},
  year = {2010}
}

@article{Turlach05,
  author = {Turlach, B. A. and Venables, W. N. and Wright, S. J.},
  title = {Simultaneous Variable Selection},
  journal = {Technometrics},
  volume = {47},
  number = {3},
  pages = {349--363},
  year = {2005}
}

@inproceedings{Bottou08,
  author =    {Bottou, L. and Bousquet, O.},
  title =     {The Tradeoffs of Large Scale Learning},
  booktitle = {Advances in Neural Information Processing Systems, 20 (NIPS 2008)},
  editor =    {Platt, J. C. and Koller, D. and Singer, Y. and Roweis, S.},
  pages=      {161--168},
  year =      {2008}
}